<?xml version="1.0" encoding="UTF-8"?>
<marc:record xmlns:marc="http://www.loc.gov/MARC21/slim" xmlns:xsi="http://www.w3.org/2001/XMLSchema-instance" xsi:schemaLocation="http://www.loc.gov/standards/marcxml/schema/MARC21slim.xsd">
  <marc:leader>00000ndm a2200000 u 4500</marc:leader>
  <marc:controlfield tag="001">1001077252</marc:controlfield>
  <marc:controlfield tag="003">DE-633</marc:controlfield>
  <marc:controlfield tag="005">20210707081343.0</marc:controlfield>
  <marc:datafield tag="031" ind1=" " ind2=" ">
    <marc:subfield code="a">1</marc:subfield>
    <marc:subfield code="b">1</marc:subfield>
    <marc:subfield code="c">1</marc:subfield>
    <marc:subfield code="d">Pars Prima</marc:subfield>
    <marc:subfield code="g">C-1</marc:subfield>
    <marc:subfield code="m">S</marc:subfield>
    <marc:subfield code="n">bBEA</marc:subfield>
    <marc:subfield code="o">c</marc:subfield>
    <marc:subfield code="p">=7/4.''E8E4E8-E/DD6FEDD8EC-E/4D8DDDD-D/</marc:subfield>
    <marc:subfield code="r">c</marc:subfield>
    <marc:subfield code="t">Passio Domini Nostri Jesu Christi</marc:subfield>
    <marc:subfield code="2">pe</marc:subfield>
  </marc:datafield>
  <marc:datafield tag="031" ind1=" " ind2=" ">
    <marc:subfield code="a">1</marc:subfield>
    <marc:subfield code="b">1</marc:subfield>
    <marc:subfield code="c">2</marc:subfield>
    <marc:subfield code="d">Lentissime</marc:subfield>
    <marc:subfield code="g">G-2</marc:subfield>
    <marc:subfield code="m">vl 1</marc:subfield>
    <marc:subfield code="n">bBEA</marc:subfield>
    <marc:subfield code="o">c</marc:subfield>
    <marc:subfield code="p">{6''C'nB''8C}{6'GFED}{8C6''ED}{8E6DC}/{8D6CD}{6,G''FED}{ED8C}-G/</marc:subfield>
    <marc:subfield code="r">c</marc:subfield>
    <marc:subfield code="2">pe</marc:subfield>
  </marc:datafield>
  <marc:datafield tag="031" ind1=" " ind2=" ">
    <marc:subfield code="a">1</marc:subfield>
    <marc:subfield code="b">2</marc:subfield>
    <marc:subfield code="c">1</marc:subfield>
    <marc:subfield code="d">Planctus 1mus</marc:subfield>
    <marc:subfield code="g">C-1</marc:subfield>
    <marc:subfield code="m">S</marc:subfield>
    <marc:subfield code="n">bBEA</marc:subfield>
    <marc:subfield code="o">2/4</marc:subfield>
    <marc:subfield code="p">=6/8.{''G3FG}8C{6CE}/8qE{6D'nB}8qB4''C8-/{6DC}{DE}8F{6ED}/8EqDC-/qE4D8'G''D/</marc:subfield>
    <marc:subfield code="r">c</marc:subfield>
    <marc:subfield code="t">Płaczcie angeli</marc:subfield>
    <marc:subfield code="2">pe</marc:subfield>
  </marc:datafield>
  <marc:datafield tag="031" ind1=" " ind2=" ">
    <marc:subfield code="a">1</marc:subfield>
    <marc:subfield code="b">2</marc:subfield>
    <marc:subfield code="c">2</marc:subfield>
    <marc:subfield code="d">Planctus Primus</marc:subfield>
    <marc:subfield code="g">G-2</marc:subfield>
    <marc:subfield code="m">vl 1</marc:subfield>
    <marc:subfield code="n">bBEA</marc:subfield>
    <marc:subfield code="o">2/4</marc:subfield>
    <marc:subfield code="p">8{''G6qq{AGF}r8G}{C8qDC}/{6D'nB8''C}6-{FFD}/{E'nB''CA}{GDEF}/gF{8ED}6-{'G''C'G}/</marc:subfield>
    <marc:subfield code="r">c</marc:subfield>
    <marc:subfield code="2">pe</marc:subfield>
  </marc:datafield>
  <marc:datafield tag="031" ind1=" " ind2=" ">
    <marc:subfield code="a">1</marc:subfield>
    <marc:subfield code="b">3</marc:subfield>
    <marc:subfield code="c">1</marc:subfield>
    <marc:subfield code="d">Pars IIda</marc:subfield>
    <marc:subfield code="g">C-1</marc:subfield>
    <marc:subfield code="m">S</marc:subfield>
    <marc:subfield code="n">bBEA</marc:subfield>
    <marc:subfield code="o">c/</marc:subfield>
    <marc:subfield code="p">=21/2'EG/B''E/8q'B1At/2.G4''C/2.'Bt4A/GBGE/</marc:subfield>
    <marc:subfield code="r">c</marc:subfield>
    <marc:subfield code="t">Apprehendit ergo Pilatus Jesum</marc:subfield>
    <marc:subfield code="2">pe</marc:subfield>
  </marc:datafield>
  <marc:datafield tag="031" ind1=" " ind2=" ">
    <marc:subfield code="a">1</marc:subfield>
    <marc:subfield code="b">3</marc:subfield>
    <marc:subfield code="c">2</marc:subfield>
    <marc:subfield code="d">Pars 2da</marc:subfield>
    <marc:subfield code="g">G-2</marc:subfield>
    <marc:subfield code="m">vl 1</marc:subfield>
    <marc:subfield code="n">bBEA</marc:subfield>
    <marc:subfield code="o">c/</marc:subfield>
    <marc:subfield code="p">2''E'B/4GBGE/AF2D/2.E4''C/8qC2.'B4A/GBGE/</marc:subfield>
    <marc:subfield code="r">c</marc:subfield>
    <marc:subfield code="2">pe</marc:subfield>
  </marc:datafield>
  <marc:datafield tag="031" ind1=" " ind2=" ">
    <marc:subfield code="a">1</marc:subfield>
    <marc:subfield code="b">4</marc:subfield>
    <marc:subfield code="c">1</marc:subfield>
    <marc:subfield code="d">Planctus 2dus</marc:subfield>
    <marc:subfield code="g">C-1</marc:subfield>
    <marc:subfield code="m">S</marc:subfield>
    <marc:subfield code="n">bBEA</marc:subfield>
    <marc:subfield code="o">3/4</marc:subfield>
    <marc:subfield code="p">4''C8qD4E8qFG/2E8qD4C/8GG4AC/8qD4C'nB-/{8''FE}{DE}{FG}/</marc:subfield>
    <marc:subfield code="r">c</marc:subfield>
    <marc:subfield code="t">Coś uczyniło źródło niewinności</marc:subfield>
    <marc:subfield code="2">pe</marc:subfield>
  </marc:datafield>
  <marc:datafield tag="031" ind1=" " ind2=" ">
    <marc:subfield code="a">1</marc:subfield>
    <marc:subfield code="b">4</marc:subfield>
    <marc:subfield code="c">2</marc:subfield>
    <marc:subfield code="d">Planctus 2dus</marc:subfield>
    <marc:subfield code="g">G-2</marc:subfield>
    <marc:subfield code="m">vl 1</marc:subfield>
    <marc:subfield code="n">bBEA</marc:subfield>
    <marc:subfield code="o">3/4</marc:subfield>
    <marc:subfield code="p">8{'GGGGGG}/{GGGGGG}/{EEFFxFF}/{GnBBBBB}/{''DC'nB''CDnE}/</marc:subfield>
    <marc:subfield code="r">c</marc:subfield>
    <marc:subfield code="2">pe</marc:subfield>
  </marc:datafield>
  <marc:datafield tag="031" ind1=" " ind2=" ">
    <marc:subfield code="a">1</marc:subfield>
    <marc:subfield code="b">5</marc:subfield>
    <marc:subfield code="c">1</marc:subfield>
    <marc:subfield code="d">Pars Tertia</marc:subfield>
    <marc:subfield code="g">C-1</marc:subfield>
    <marc:subfield code="m">S</marc:subfield>
    <marc:subfield code="n">bBEA</marc:subfield>
    <marc:subfield code="o">c</marc:subfield>
    <marc:subfield code="p">4-'B''C'B/AG2F/4E''FGF/2E4D{8FG}/{8.A6G}8FE8.D6D8EF/</marc:subfield>
    <marc:subfield code="r">c</marc:subfield>
    <marc:subfield code="t">Orabat autem Jesus</marc:subfield>
    <marc:subfield code="2">pe</marc:subfield>
  </marc:datafield>
  <marc:datafield tag="031" ind1=" " ind2=" ">
    <marc:subfield code="a">1</marc:subfield>
    <marc:subfield code="b">5</marc:subfield>
    <marc:subfield code="c">2</marc:subfield>
    <marc:subfield code="d">Pars 3tia</marc:subfield>
    <marc:subfield code="g">G-2</marc:subfield>
    <marc:subfield code="m">vl 1</marc:subfield>
    <marc:subfield code="n">bBEA</marc:subfield>
    <marc:subfield code="o">c</marc:subfield>
    <marc:subfield code="p">{6.3'EEEE}{EEEE}{EEEE}{EEEE}/</marc:subfield>
    <marc:subfield code="r">c</marc:subfield>
    <marc:subfield code="2">pe</marc:subfield>
  </marc:datafield>
  <marc:datafield tag="040" ind1=" " ind2=" ">
    <marc:subfield code="a">DE-633</marc:subfield>
    <marc:subfield code="b">eng</marc:subfield>
  </marc:datafield>
  <marc:datafield tag="041" ind1="0" ind2=" ">
    <marc:subfield code="a">lat</marc:subfield>
    <marc:subfield code="a">pol</marc:subfield>
  </marc:datafield>
  <marc:datafield tag="100" ind1="1" ind2=" ">
    <marc:subfield code="a">Kotowicz</marc:subfield>
    <marc:subfield code="d">18.sc</marc:subfield>
    <marc:subfield code="j">Ascertained</marc:subfield>
    <marc:subfield code="0">pe41024678</marc:subfield>
  </marc:datafield>
  <marc:datafield tag="240" ind1="1" ind2="0">
    <marc:subfield code="a">Passion</marc:subfield>
    <marc:subfield code="m">V (2), orch, org</marc:subfield>
    <marc:subfield code="r">c</marc:subfield>
    <marc:subfield code="0">4204589</marc:subfield>
  </marc:datafield>
  <marc:datafield tag="245" ind1="1" ind2="0">
    <marc:subfield code="a">[title page:] A. M. D. G. Btq. V. M. H. et O. SS. V. | PASSIO Ex c mol [!]| a. v 9 | Canto | Basso. | Violino. Primo | Violino. Secundo. | Valthorno. 1mo | Valthorno 2da. | Et | ORGANO. | Auth: D[omi]no Kotowicz</marc:subfield>
  </marc:datafield>
  <marc:datafield tag="260" ind1=" " ind2=" ">
    <marc:subfield code="c">1767-04-07</marc:subfield>
    <marc:subfield code="8">01</marc:subfield>
  </marc:datafield>
  <marc:datafield tag="300" ind1=" " ind2=" ">
    <marc:subfield code="a">8 parts</marc:subfield>
    <marc:subfield code="c">34 x 20,5 cm</marc:subfield>
    <marc:subfield code="8">01</marc:subfield>
  </marc:datafield>
  <marc:datafield tag="500" ind1=" " ind2=" ">
    <marc:subfield code="a">Additional ob 1 part written with other hand than remaining parts; ob 2 part presumably missing.</marc:subfield>
    <marc:subfield code="8">01</marc:subfield>
  </marc:datafield>
  <marc:datafield tag="500" ind1=" " ind2=" ">
    <marc:subfield code="a">Inscription "Fr. Stephanus Jażdżykowski O[rdinis] Praed[icatorum]" at the bottom of the title page.</marc:subfield>
  </marc:datafield>
  <marc:datafield tag="500" ind1=" " ind2=" ">
    <marc:subfield code="a">Inscription at the top of S part: "Auth Dno Kotowicz".</marc:subfield>
  </marc:datafield>
  <marc:datafield tag="500" ind1=" " ind2=" ">
    <marc:subfield code="a">Inscriptions at the end of parts: vl 1: "A. S. I. Leopoli"; "an[no]. 1767. | die 7. Aprilis"; ob 1: "Finis consumatum est"; cor 2: "Laus Deo".</marc:subfield>
  </marc:datafield>
  <marc:datafield tag="590" ind1=" " ind2=" ">
    <marc:subfield code="a">S, B</marc:subfield>
    <marc:subfield code="b">3, 2 f.</marc:subfield>
    <marc:subfield code="8">01</marc:subfield>
  </marc:datafield>
  <marc:datafield tag="590" ind1=" " ind2=" ">
    <marc:subfield code="a">vl 1, 2</marc:subfield>
    <marc:subfield code="b">4, 4 f.</marc:subfield>
    <marc:subfield code="8">01</marc:subfield>
  </marc:datafield>
  <marc:datafield tag="590" ind1=" " ind2=" ">
    <marc:subfield code="a">ob 1</marc:subfield>
    <marc:subfield code="b">3 f.</marc:subfield>
    <marc:subfield code="8">01</marc:subfield>
  </marc:datafield>
  <marc:datafield tag="590" ind1=" " ind2=" ">
    <marc:subfield code="a">cor 1, 2</marc:subfield>
    <marc:subfield code="b">1, 1 f.</marc:subfield>
    <marc:subfield code="8">01</marc:subfield>
  </marc:datafield>
  <marc:datafield tag="590" ind1=" " ind2=" ">
    <marc:subfield code="a">org (= bc.fig)</marc:subfield>
    <marc:subfield code="b">4 f.</marc:subfield>
    <marc:subfield code="8">01</marc:subfield>
  </marc:datafield>
  <marc:datafield tag="593" ind1=" " ind2=" ">
    <marc:subfield code="a">Manuscript copy</marc:subfield>
    <marc:subfield code="8">01</marc:subfield>
  </marc:datafield>
  <marc:datafield tag="594" ind1=" " ind2=" ">
    <marc:subfield code="b">S</marc:subfield>
    <marc:subfield code="c">1</marc:subfield>
  </marc:datafield>
  <marc:datafield tag="594" ind1=" " ind2=" ">
    <marc:subfield code="b">B</marc:subfield>
    <marc:subfield code="c">1</marc:subfield>
  </marc:datafield>
  <marc:datafield tag="594" ind1=" " ind2=" ">
    <marc:subfield code="b">vl</marc:subfield>
    <marc:subfield code="c">2</marc:subfield>
  </marc:datafield>
  <marc:datafield tag="594" ind1=" " ind2=" ">
    <marc:subfield code="b">cor</marc:subfield>
    <marc:subfield code="c">2</marc:subfield>
  </marc:datafield>
  <marc:datafield tag="594" ind1=" " ind2=" ">
    <marc:subfield code="b">org</marc:subfield>
    <marc:subfield code="c">1</marc:subfield>
  </marc:datafield>
  <marc:datafield tag="594" ind1=" " ind2=" ">
    <marc:subfield code="a">S, B, vl (2), cor (2), org</marc:subfield>
  </marc:datafield>
  <marc:datafield tag="599" ind1=" " ind2=" ">
    <marc:subfield code="b">full</marc:subfield>
  </marc:datafield>
  <marc:datafield tag="650" ind1="0" ind2="7">
    <marc:subfield code="a">Passions</marc:subfield>
    <marc:subfield code="0">25246</marc:subfield>
  </marc:datafield>
  <marc:datafield tag="691" ind1=" " ind2="7">
    <marc:subfield code="a">ŚwierczekK 1965</marc:subfield>
    <marc:subfield code="n">p. 230-231, 265</marc:subfield>
    <marc:subfield code="0">lit1891</marc:subfield>
  </marc:datafield>
  <marc:datafield tag="691" ind1=" " ind2="7">
    <marc:subfield code="a">Nowak-RomanowiczK 1995</marc:subfield>
    <marc:subfield code="n">p. 236-237</marc:subfield>
    <marc:subfield code="0">lit41002416</marc:subfield>
  </marc:datafield>
  <marc:datafield tag="691" ind1=" " ind2="7">
    <marc:subfield code="a">MądryB 2013</marc:subfield>
    <marc:subfield code="n">p. 537-542</marc:subfield>
    <marc:subfield code="0">lit41001232</marc:subfield>
  </marc:datafield>
  <marc:datafield tag="691" ind1=" " ind2="7">
    <marc:subfield code="a">MarchwicaP 1998</marc:subfield>
    <marc:subfield code="n">p. 1-44</marc:subfield>
    <marc:subfield code="0">lit41002418</marc:subfield>
  </marc:datafield>
  <marc:datafield tag="700" ind1="1" ind2=" ">
    <marc:subfield code="a">Jażdzykowski, Stefan</marc:subfield>
    <marc:subfield code="d">18.sc</marc:subfield>
    <marc:subfield code="j">Ascertained</marc:subfield>
    <marc:subfield code="0">pe41021430</marc:subfield>
    <marc:subfield code="4">fmo</marc:subfield>
  </marc:datafield>
  <marc:datafield tag="852" ind1=" " ind2=" ">
    <marc:subfield code="a">PL-SA</marc:subfield>
    <marc:subfield code="e">Biblioteka Diecezjalna w Sandomierzu</marc:subfield>
    <marc:subfield code="x">ks30003584</marc:subfield>
    <marc:subfield code="c">77/A II 17</marc:subfield>
    <marc:subfield code="p"/>
    <marc:subfield code="q"/>
    <marc:subfield code="u"/>
    <marc:subfield code="z"/>
  </marc:datafield>
  <marc:datafield tag="980" ind1=" " ind2=" ">
    <marc:subfield code="a">RISM</marc:subfield>
    <marc:subfield code="c">examined</marc:subfield>
  </marc:datafield>
</marc:record>
